<?xml version="1.0" encoding="UTF-8"?>
  <record xmlns="http://www.loc.gov/MARC21/slim" type="Authority">
    <leader>00000nz  a2200000oc 4500</leader>
    <controlfield tag="001">121233138</controlfield>
    <controlfield tag="003">DE-101</controlfield>
    <controlfield tag="005">20200721125113.0</controlfield>
    <controlfield tag="008">990714n||aznnnaabn           | aaa    |c</controlfield>
    <datafield tag="024" ind1="7" ind2=" ">
      <subfield code="a">121233138</subfield>
      <subfield code="0">http://d-nb.info/gnd/121233138</subfield>
      <subfield code="2">gnd</subfield>
    </datafield>
    <datafield tag="035" ind1=" " ind2=" ">
      <subfield code="a">(DE-101)121233138</subfield>
    </datafield>
    <datafield tag="035" ind1=" " ind2=" ">
      <subfield code="a">(DE-588)121233138</subfield>
    </datafield>
    <datafield tag="035" ind1=" " ind2=" ">
      <subfield code="z">(DE-588)127593195</subfield>
    </datafield>
    <datafield tag="035" ind1=" " ind2=" ">
      <subfield code="z">(DE-588a)127593195</subfield>
      <subfield code="9">v:zg</subfield>
    </datafield>
    <datafield tag="035" ind1=" " ind2=" ">
      <subfield code="z">(DE-588a)121233138</subfield>
      <subfield code="9">v:zg</subfield>
    </datafield>
    <datafield tag="040" ind1=" " ind2=" ">
      <subfield code="a">DE-576</subfield>
      <subfield code="c">DE-576</subfield>
      <subfield code="9">r:DE-576</subfield>
      <subfield code="b">ger</subfield>
      <subfield code="d">3030</subfield>
    </datafield>
    <datafield tag="042" ind1=" " ind2=" ">
      <subfield code="a">gnd3</subfield>
    </datafield>
    <datafield tag="043" ind1=" " ind2=" ">
      <subfield code="c">XA-DE</subfield>
    </datafield>
    <datafield tag="075" ind1=" " ind2=" ">
      <subfield code="b">p</subfield>
      <subfield code="2">gndgen</subfield>
    </datafield>
    <datafield tag="075" ind1=" " ind2=" ">
      <subfield code="b">piz</subfield>
      <subfield code="2">gndspec</subfield>
    </datafield>
    <datafield tag="079" ind1=" " ind2=" ">
      <subfield code="a">g</subfield>
      <subfield code="q">a</subfield>
      <subfield code="q">f</subfield>
      <subfield code="u">v</subfield>
    </datafield>
    <datafield tag="100" ind1="1" ind2=" ">
      <subfield code="a">Hohenlohe, Sigismund &#152;von&#156;</subfield>
      <subfield code="d">1485-1534</subfield>
    </datafield>
    <datafield tag="375" ind1=" " ind2=" ">
      <subfield code="a">1</subfield>
      <subfield code="2">iso5218</subfield>
    </datafield>
    <datafield tag="400" ind1="1" ind2=" ">
      <subfield code="a">Hohenlohe, Sigmund &#152;von&#156;</subfield>
      <subfield code="d">1485-1534</subfield>
      <subfield code="9">v:DBI 2.Ausg.</subfield>
      <subfield code="9">v:(VD-16)</subfield>
    </datafield>
    <datafield tag="400" ind1="0" ind2=" ">
      <subfield code="a">Sigismund</subfield>
      <subfield code="c">Hohenlohe, Graf</subfield>
      <subfield code="d">1485-1534</subfield>
    </datafield>
    <datafield tag="400" ind1="1" ind2=" ">
      <subfield code="a">Hohenlohe, Sigmund &#152;zu&#156;</subfield>
      <subfield code="d">1485-1534</subfield>
      <subfield code="9">v:NDB</subfield>
    </datafield>
    <datafield tag="400" ind1="0" ind2=" ">
      <subfield code="a">Sigmund</subfield>
      <subfield code="c">Hohenlohe, Graf</subfield>
      <subfield code="d">1485-1534</subfield>
    </datafield>
    <datafield tag="400" ind1="1" ind2=" ">
      <subfield code="a">Hohenloe, Sigmund &#152;von&#156;</subfield>
      <subfield code="d">1485-1534</subfield>
    </datafield>
    <datafield tag="400" ind1="1" ind2=" ">
      <subfield code="a">Hoenlous, Sigismundus</subfield>
      <subfield code="d">1485-1534</subfield>
    </datafield>
    <datafield tag="400" ind1="0" ind2=" ">
      <subfield code="a">Sigmund</subfield>
      <subfield code="c">Graf von Hohenlohe</subfield>
      <subfield code="d">1485-1534</subfield>
    </datafield>
    <datafield tag="400" ind1="1" ind2=" ">
      <subfield code="a">Hohenlohe, Sigmund &#152;von&#156;</subfield>
      <subfield code="c">Graf</subfield>
      <subfield code="d">1485-1534</subfield>
    </datafield>
    <datafield tag="400" ind1="1" ind2=" ">
      <subfield code="a">Hohenlohe, Siegmund &#152;von&#156;</subfield>
      <subfield code="c">Graf</subfield>
      <subfield code="d">1485-1534</subfield>
    </datafield>
    <datafield tag="400" ind1="0" ind2=" ">
      <subfield code="a">Siegmund</subfield>
      <subfield code="c">Hohenlohe, Graf</subfield>
      <subfield code="d">1485-1534</subfield>
    </datafield>
    <datafield tag="400" ind1="0" ind2=" ">
      <subfield code="a">Siegmund</subfield>
      <subfield code="c">Graf von Hohenlohe</subfield>
      <subfield code="d">1485-1534</subfield>
    </datafield>
    <datafield tag="400" ind1="1" ind2=" ">
      <subfield code="a">Hohenlohe, Sigismund</subfield>
      <subfield code="c">Graf von</subfield>
      <subfield code="d">1485-1534</subfield>
    </datafield>
    <datafield tag="400" ind1="1" ind2=" ">
      <subfield code="a">Hohenlohe, Sigmund</subfield>
      <subfield code="c">Graf von</subfield>
      <subfield code="d">1485-1534</subfield>
    </datafield>
    <datafield tag="400" ind1="1" ind2=" ">
      <subfield code="a">Hohenlohe, Siegmund</subfield>
      <subfield code="c">Graf von</subfield>
      <subfield code="d">1485-1534</subfield>
    </datafield>
    <datafield tag="400" ind1="1" ind2=" ">
      <subfield code="a">Hohenloe, Sigmund</subfield>
      <subfield code="c">Graf von</subfield>
      <subfield code="d">1485-1534</subfield>
    </datafield>
    <datafield tag="400" ind1="0" ind2=" ">
      <subfield code="a">Sigismund</subfield>
      <subfield code="c">Graf von Hohenlohe</subfield>
      <subfield code="d">1485-1534</subfield>
    </datafield>
    <datafield tag="500" ind1="1" ind2=" ">
      <subfield code="0">(DE-101)1071569074</subfield>
      <subfield code="0">(DE-588)1071569074</subfield>
      <subfield code="0">https://d-nb.info/gnd/1071569074</subfield>
      <subfield code="a">Hohenlohe, Sigismund &#152;von&#156;</subfield>
      <subfield code="d">1485-1534</subfield>
      <subfield code="t">Kreuzbüchlein</subfield>
      <subfield code="4">rela</subfield>
      <subfield code="4">https://d-nb.info/standards/elementset/gnd#relatedWork</subfield>
      <subfield code="w">r</subfield>
      <subfield code="i">Relation allgemein</subfield>
    </datafield>
    <datafield tag="548" ind1=" " ind2=" ">
      <subfield code="a">1485-1534</subfield>
      <subfield code="4">datl</subfield>
      <subfield code="4">https://d-nb.info/standards/elementset/gnd#dateOfBirthAndDeath</subfield>
      <subfield code="w">r</subfield>
      <subfield code="i">Lebensdaten</subfield>
    </datafield>
    <datafield tag="550" ind1=" " ind2=" ">
      <subfield code="0">(DE-101)04030020X</subfield>
      <subfield code="0">(DE-588)4030020-1</subfield>
      <subfield code="0">https://d-nb.info/gnd/4030020-1</subfield>
      <subfield code="a">Katholischer Theologe</subfield>
      <subfield code="4">berc</subfield>
      <subfield code="4">https://d-nb.info/standards/elementset/gnd#professionOrOccupation</subfield>
      <subfield code="w">r</subfield>
      <subfield code="i">Charakteristischer Beruf</subfield>
    </datafield>
    <datafield tag="550" ind1=" " ind2=" ">
      <subfield code="0">(DE-101)041383397</subfield>
      <subfield code="0">(DE-588)4138339-4</subfield>
      <subfield code="0">https://d-nb.info/gnd/4138339-4</subfield>
      <subfield code="a">Domkapitular</subfield>
      <subfield code="4">beru</subfield>
      <subfield code="4">https://d-nb.info/standards/elementset/gnd#professionOrOccupation</subfield>
      <subfield code="w">r</subfield>
      <subfield code="i">Beruf</subfield>
    </datafield>
    <datafield tag="551" ind1=" " ind2=" ">
      <subfield code="a">Straßburg</subfield>
      <subfield code="4">ortw</subfield>
      <subfield code="4">https://d-nb.info/standards/elementset/gnd#placeOfActivity</subfield>
      <subfield code="w">r</subfield>
      <subfield code="i">Wirkungsort</subfield>
    </datafield>
    <datafield tag="551" ind1=" " ind2=" ">
      <subfield code="a">Augsburg</subfield>
      <subfield code="4">ortw</subfield>
      <subfield code="4">https://d-nb.info/standards/elementset/gnd#placeOfActivity</subfield>
      <subfield code="w">r</subfield>
      <subfield code="i">Wirkungsort</subfield>
    </datafield>
    <datafield tag="667" ind1=" " ind2=" ">
      <subfield code="a">12</subfield>
    </datafield>
    <datafield tag="667" ind1=" " ind2=" ">
      <subfield code="a">7</subfield>
    </datafield>
    <datafield tag="667" ind1=" " ind2=" ">
      <subfield code="a">VD-17</subfield>
    </datafield>
    <datafield tag="667" ind1=" " ind2=" ">
      <subfield code="a">VD-16</subfield>
    </datafield>
    <datafield tag="667" ind1=" " ind2=" ">
      <subfield code="a">Theologe, Domherr zu Strassburg und Augsburg</subfield>
      <subfield code="5">CH-ZuETHN</subfield>
    </datafield>
    <datafield tag="670" ind1=" " ind2=" ">
      <subfield code="a">NUC, LoC-NA, ADB</subfield>
    </datafield>
    <datafield tag="670" ind1=" " ind2=" ">
      <subfield code="a">LCAuth</subfield>
    </datafield>
    <datafield tag="672" ind1=" " ind2="0">
      <subfield code="a">Hohenlohe, Sigismund von: Kreutzbüchlein. - 1585</subfield>
    </datafield>
    <datafield tag="672" ind1=" " ind2="0">
      <subfield code="a">Hohenlohe, Sigismund von: Creutz-Biechlinn. - 1525</subfield>
    </datafield>
    <datafield tag="672" ind1=" " ind2="0">
      <subfield code="a">Hohenlohe, Sigismund von: Creutz-Biechlien. - 1748</subfield>
    </datafield>
    <datafield tag="672" ind1=" " ind2="0">
      <subfield code="a">Hohenlohe, Sigismund von: Kreuzbüchlein von Graf Sigmund von Hohenlohe 1525. - 1913</subfield>
    </datafield>
    <datafield tag="672" ind1=" " ind2="0">
      <subfield code="a">Hohenlohe, Sigmund von: Creütz büchlin Oder ermanung des wolgebornẽ Herrn Sigmunden Grauen von Hohenloe ...  1525.  (VD16 H 4318)</subfield>
    </datafield>
    <datafield tag="672" ind1=" " ind2="0">
      <subfield code="a">Hohenlohe, Sigmund von: Creütz büchlin oder ermanung des wolgebornẽ Herrn Sigmunden Grauen von Hohenloe ...  1525.  (VD16 ZV 8082)</subfield>
    </datafield>
    <datafield tag="672" ind1=" " ind2="0">
      <subfield code="a">Hohenlohe, Sigmund von: Creütz Biechlinn Oder ermanung des wolgebornen Herrn Sigmunden Grauen von Hohenloe ...  1525.  (VD16 H 4317)</subfield>
    </datafield>
    <datafield tag="672" ind1=" " ind2="0">
      <subfield code="a">Hohenlohe, Sigmund von: Creutzbuechlein Oder ermanunge des Wolgebornen Herren Sigismunden Graffen von Hohenloe ...  1585.  (VD16 H 4319)</subfield>
    </datafield>
    <datafield tag="678" ind1=" " ind2=" ">
      <subfield code="b">Theologe, Domherr zu Straßburg und Augsburg, Domdechant zu Straßburg; Studium in Paris, Pavia, Bologna; geb. auf Schloß Neuenstein/Hohenlohe, gest. in Straßburg</subfield>
    </datafield>
    <datafield tag="700" ind1="1" ind2="7">
      <subfield code="a">Hohenlohe, Sigismund</subfield>
      <subfield code="d">1485-1534</subfield>
      <subfield code="0">(DLC)nr 94032839</subfield>
      <subfield code="2">naf</subfield>
      <subfield code="9">v:Graf von, ;1485-1534</subfield>
    </datafield>
    <datafield tag="913" ind1=" " ind2=" ">
      <subfield code="S">pnd</subfield>
      <subfield code="i">a</subfield>
      <subfield code="a">Hohenlohe, Sigismund /von</subfield>
      <subfield code="0">(DE-588a)121233138</subfield>
    </datafield>
    <datafield tag="913" ind1=" " ind2=" ">
      <subfield code="S">pnd</subfield>
      <subfield code="i">a</subfield>
      <subfield code="a">Hohenlohe, Siegmund /Graf von</subfield>
      <subfield code="0">(DE-588a)127593195</subfield>
    </datafield>
  </record>
